<collection xmlns="http://www.loc.gov/MARC21/slim">
<record>
  <leader>02209nam0a2200397 i 450 </leader>
  <controlfield tag="001">IT\ICCU\CNCE\018579</controlfield>
  <controlfield tag="005">20060901000000.0</controlfield>
  <datafield tag="012" ind1=" " ind2=" ">
    <subfield code="a">usus X.M. s.s, TaIr (3) 1533 (R)</subfield>
    <subfield code="2">fei</subfield>
  </datafield>
  <datafield tag="100" ind1=" " ind2=" ">
    <subfield code="a">19970101d1533        0itac0103    ba</subfield>
  </datafield>
  <datafield tag="101" ind1=" " ind2=" ">
    <subfield code="a">LAT</subfield>
  </datafield>
  <datafield tag="102" ind1=" " ind2=" ">
    <subfield code="a">IT</subfield>
  </datafield>
  <datafield tag="200" ind1="1" ind2=" ">
    <subfield code="a">Aureum prorsus opusculum de comparationibus poetarum. Quibus uitia, ac uirtutes hominum, actus, habitusque pene uniuersi exprimuntur. Nunc primum elucubratum, et in lucem editum, de promptumque ex poetarum uiuariis, Thoma Fanutio expiscante</subfield>
  </datafield>
  <datafield tag="210" ind1=" " ind2=" ">
    <subfield code="e">Bononiae</subfield>
    <subfield code="g">Ioannes Baptista Phaellus Bononiensis impressit</subfield>
    <subfield code="h">1533 mense Februario</subfield>
  </datafield>
  <datafield tag="215" ind1=" " ind2=" ">
    <subfield code="a">\18!, CXXXIIII, \2! c.</subfield>
    <subfield code="d">4ʻ</subfield>
  </datafield>
  <datafield tag="620" ind1=" " ind2=" ">
    <subfield code="a">IT</subfield>
    <subfield code="d">Bologna</subfield>
  </datafield>
  <datafield tag="700" ind1=" " ind2="1">
    <subfield code="a">Fanucci,</subfield>
    <subfield code="b">Tommaso</subfield>
    <subfield code="3">IT\ICCU\CNCA\005254</subfield>
  </datafield>
  <datafield tag="712" ind1="0" ind2="0">
    <subfield code="a">Faelli, Giovanni Battista</subfield>
    <subfield code="3">IT\ICCU\CNCT\000400</subfield>
    <subfield code="4">650</subfield>
  </datafield>
  <datafield tag="790" ind1=" " ind2="1">
    <subfield code="a">Fannuto Picenumbro,</subfield>
    <subfield code="b">Tommaso</subfield>
    <subfield code="3">IT\ICCU\CNCA\005245</subfield>
    <subfield code="z">Fanucci, Tommaso</subfield>
  </datafield>
  <datafield tag="790" ind1=" " ind2="1">
    <subfield code="a">Fanutius,</subfield>
    <subfield code="b">Thomas</subfield>
    <subfield code="3">IT\ICCU\CNCA\014006</subfield>
    <subfield code="z">Fanucci, Tommaso</subfield>
  </datafield>
  <datafield tag="790" ind1=" " ind2="1">
    <subfield code="a">Fanuzzi,</subfield>
    <subfield code="b">Tommaso</subfield>
    <subfield code="3">IT\ICCU\CNCA\014007</subfield>
    <subfield code="z">Fanucci, Tommaso</subfield>
  </datafield>
  <datafield tag="790" ind1=" " ind2="1">
    <subfield code="a">Fannucci Picenumbro,</subfield>
    <subfield code="b">Tommaso</subfield>
    <subfield code="3">IT\ICCU\CNCA\014008</subfield>
    <subfield code="z">Fanucci, Tommaso</subfield>
  </datafield>
  <datafield tag="790" ind1=" " ind2="1">
    <subfield code="a">Fannutius Picenumbrus,</subfield>
    <subfield code="b">Thomas</subfield>
    <subfield code="3">IT\ICCU\CNCA\014009</subfield>
    <subfield code="z">Fanucci, Tommaso</subfield>
  </datafield>
  <datafield tag="791" ind1="0" ind2="0">
    <subfield code="a">Phaellus, Ioannes Baptista</subfield>
    <subfield code="3">IT\ICCU\CNCT\003790</subfield>
    <subfield code="z">Faelli, Giovanni Battista</subfield>
  </datafield>
  <datafield tag="791" ind1="0" ind2="0">
    <subfield code="a">Phaelli, Giovanni Battista de</subfield>
    <subfield code="3">IT\ICCU\CNCT\005175</subfield>
    <subfield code="z">Faelli, Giovanni Battista</subfield>
  </datafield>
  <datafield tag="791" ind1="0" ind2="0">
    <subfield code="a">Phaellis, Ioannes Baptista de</subfield>
    <subfield code="3">IT\ICCU\CNCT\005176</subfield>
    <subfield code="z">Faelli, Giovanni Battista</subfield>
  </datafield>
  <datafield tag="801" ind1=" " ind2="3">
    <subfield code="a">IT</subfield>
    <subfield code="b">ICCU</subfield>
    <subfield code="c">20201114</subfield>
  </datafield>
  <datafield tag="899" ind1=" " ind2=" ">
    <subfield code="a">Biblioteca universitaria. Bologna</subfield>
    <subfield code="1">BO0098</subfield>
    <subfield code="2">UBO BU</subfield>
  </datafield>
  <datafield tag="899" ind1=" " ind2=" ">
    <subfield code="a">Biblioteca di Casa Carducci. Bologna</subfield>
    <subfield code="1">BO0283</subfield>
    <subfield code="2">UBO GC</subfield>
  </datafield>
  <datafield tag="899" ind1=" " ind2=" ">
    <subfield code="a">Biblioteca comunale dell&apos;Archiginnasio. Bologna</subfield>
    <subfield code="1">BO0304</subfield>
    <subfield code="2">UBO GA</subfield>
  </datafield>
  <datafield tag="899" ind1=" " ind2=" ">
    <subfield code="a">Biblioteca Estense Universitaria. Modena</subfield>
    <subfield code="1">MO0089</subfield>
    <subfield code="2">MOD BE</subfield>
  </datafield>
  <datafield tag="899" ind1=" " ind2=" ">
    <subfield code="a">Biblioteca nazionale Vittorio Emanuele III. Napoli</subfield>
    <subfield code="1">NA0079</subfield>
    <subfield code="2">NAP BN</subfield>
  </datafield>
  <datafield tag="899" ind1=" " ind2=" ">
    <subfield code="a">Biblioteca universitaria. Pavia</subfield>
    <subfield code="1">PV0291</subfield>
    <subfield code="2">MIL UP</subfield>
  </datafield>
  <datafield tag="899" ind1=" " ind2=" ">
    <subfield code="a">Biblioteca del Liceo ginnasio L. Torricelli. Faenza</subfield>
    <subfield code="1">RA0057</subfield>
    <subfield code="2">ZRA 10</subfield>
  </datafield>
  <datafield tag="899" ind1=" " ind2=" ">
    <subfield code="a">Biblioteca nazionale centrale. Roma</subfield>
    <subfield code="1">RM0267</subfield>
    <subfield code="2">BVE CR</subfield>
  </datafield>
  <datafield tag="899" ind1=" " ind2=" ">
    <subfield code="a">Biblioteca Angelica. Roma</subfield>
    <subfield code="z">MUTILO</subfield>
    <subfield code="1">RM0290</subfield>
    <subfield code="2">RML 06</subfield>
  </datafield>
  <datafield tag="899" ind1=" " ind2=" ">
    <subfield code="a">Biblioteca Casanatense. Roma</subfield>
    <subfield code="1">RM0313</subfield>
    <subfield code="2">RML 07</subfield>
  </datafield>
</record>
</collection>
